<record><leader>00000cas a2200000Ka 4500</leader><controlfield tag="001">30145977</controlfield><controlfield tag="008">940414d18971897aluwr ne      0    0eng d</controlfield><datafield ind1=" " ind2=" " tag="010"><subfield code="a">sn 94060442 </subfield></datafield><datafield ind1=" " ind2=" " tag="040"><subfield code="a">AAR</subfield><subfield code="c">AAR</subfield><subfield code="d">OCLCQ</subfield></datafield><datafield ind1="0" ind2="4" tag="245"><subfield code="a">The Gazette-appeal.</subfield></datafield><datafield ind1="0" ind2="0" tag="246"><subfield code="a">Gazette appeal.</subfield></datafield><datafield ind1=" " ind2=" " tag="260"><subfield code="a">Guin, Marion County, Ala. :</subfield><subfield code="b">W.T. Morgan,</subfield><subfield code="c">1897-1897.</subfield></datafield><datafield ind1=" " ind2=" " tag="300"><subfield code="a">v.</subfield></datafield><datafield ind1=" " ind2=" " tag="310"><subfield code="a">Weekly.</subfield></datafield><datafield ind1="0" ind2=" " tag="362"><subfield code="a">Vol. 1, no. 25 (Aug. 27, 1897)-v. 2, no. 7 (Dec. 31, 1897).</subfield></datafield><datafield ind1=" " ind2=" " tag="752"><subfield code="a">United States</subfield><subfield code="b">Alabama</subfield><subfield code="c">Marion</subfield><subfield code="d">Guin.</subfield></datafield><datafield ind1="1" ind2="0" tag="780"><subfield code="t">Guin gazette</subfield><subfield code="w">(DLC)sn94060444.</subfield></datafield><datafield ind1=" " ind2=" " tag="994"><subfield code="a">11</subfield><subfield code="b">OCL</subfield><subfield code="i">02720</subfield></datafield></record>